@inproceedings{sygus:2013,
  author    = {Rajeev Alur and
               Rastislav Bod{\'{\i}}k and
               Garvit Juniwal and
               Milo M. K. Martin and
               Mukund Raghothaman and
               Sanjit A. Seshia and
               Rishabh Singh and
               Armando Solar{-}Lezama and
               Emina Torlak and
               Abhishek Udupa},
  title     = {Syntax-guided synthesis},
  booktitle = {Formal Methods in Computer-Aided Design, {FMCAD} 2013, Portland, OR,
               USA, October 20-23, 2013},
  pages     = {1--8},
  publisher = {{IEEE}},
  year      = {2013},
  url       = {https://ieeexplore.ieee.org/document/6679385/},
  timestamp = {Sat, 09 Apr 2022 12:41:20 +0200},
  biburl    = {https://dblp.org/rec/conf/fmcad/AlurBJMRSSSTU13.bib},
  bibsource = {dblp computer science bibliography, https://dblp.org}
}

@inproceedings{cvc5,
  author    = {Haniel Barbosa and
               Clark W. Barrett and
               Martin Brain and
               Gereon Kremer and
               Hanna Lachnitt and
               Makai Mann and
               Abdalrhman Mohamed and
               Mudathir Mohamed and
               Aina Niemetz and
               Andres N{\"{o}}tzli and
               Alex Ozdemir and
               Mathias Preiner and
               Andrew Reynolds and
               Ying Sheng and
               Cesare Tinelli and
               Yoni Zohar},
  editor    = {Dana Fisman and
               Grigore Rosu},
  title     = {cvc5: {A} Versatile and Industrial-Strength {SMT} Solver},
  booktitle = {Tools and Algorithms for the Construction and Analysis of Systems
               - 28th International Conference, {TACAS} 2022, Held as Part of the
               European Joint Conferences on Theory and Practice of Software, {ETAPS}
               2022, Munich, Germany, April 2-7, 2022, Proceedings, Part {I}},
  series    = {Lecture Notes in Computer Science},
  volume    = {13243},
  pages     = {415--442},
  publisher = {Springer},
  year      = {2022},
  url       = {https://doi.org/10.1007/978-3-030-99524-9\_24},
  doi       = {10.1007/978-3-030-99524-9\_24},
  timestamp = {Fri, 29 Apr 2022 14:50:36 +0200},
  biburl    = {https://dblp.org/rec/conf/tacas/BarbosaBBKLMMMN22.bib},
  bibsource = {dblp computer science bibliography, https://dblp.org}
}
